%% тут мы в формате бибтех складываем ссылки на статьи
%% в 1 строке пишется alias (например, jia2014caffe),
%% ссылка на который оформляется так:
%% \cite{jia2014caffe}
@article{jia2014caffe,
  Author = {Jia, Yangqing and Shelhamer, Evan and Donahue, Jeff and Karayev, Sergey and Long, Jonathan and Girshick, Ross and Guadarrama, Sergio and Darrell, Trevor},
  Journal = {arXiv preprint arXiv:1408.5093},
  Title = {Caffe: Convolutional Architecture for Fast Feature Embedding},
  Year = {2014}
}